<record><leader>00000cas a22000007a 4500</leader><controlfield tag="001">26186767</controlfield><controlfield tag="008">920715c19uu9999ohumr ne      0   a0eng d</controlfield><datafield ind1=" " ind2=" " tag="010"><subfield code="a">sn 92004977 </subfield></datafield><datafield ind1=" " ind2=" " tag="040"><subfield code="a">NSD</subfield><subfield code="b">eng</subfield><subfield code="c">NSD</subfield><subfield code="d">OCLCQ</subfield></datafield><datafield ind1=" " ind2=" " tag="012"><subfield code="l">1</subfield></datafield><datafield ind1="1" ind2=" " tag="022"><subfield code="a">1063-9853</subfield><subfield code="l">1063-9853</subfield><subfield code="2">1</subfield></datafield><datafield ind1=" " ind2=" " tag="037"><subfield code="b">The Ohio Labor Citizen, 2012 W. 25th St., #513, Cleveland, OH 44113</subfield></datafield><datafield ind1=" " ind2=" " tag="042"><subfield code="a">nsdp</subfield><subfield code="a">msc</subfield></datafield><datafield ind1=" " ind2="4" tag="222"><subfield code="a">The Ohio labor citizen</subfield></datafield><datafield ind1="0" ind2="4" tag="245"><subfield code="a">The Ohio labor citizen.</subfield></datafield><datafield ind1=" " ind2=" " tag="260"><subfield code="a">Cleveland, Ohio :</subfield><subfield code="b">[Cleveland Building and Construction Trades Council]</subfield></datafield><datafield ind1=" " ind2=" " tag="300"><subfield code="a">v.</subfield></datafield><datafield ind1=" " ind2=" " tag="310"><subfield code="a">Monthly</subfield></datafield><datafield ind1=" " ind2=" " tag="515"><subfield code="a">Issues for &lt;Vol. 4, no. 10-&gt; also called: &lt;Issue no. 46-&gt;</subfield></datafield><datafield ind1=" " ind2=" " tag="588"><subfield code="a">Description based on: Vol. 4, no. 10 (May 29, 1992).</subfield></datafield><datafield ind1="2" ind2=" " tag="710"><subfield code="a">Cleveland Building and Construction Trades Council.</subfield></datafield><datafield ind1="1" ind2=" " tag="029"><subfield code="a">AU@</subfield><subfield code="b">000025864242</subfield></datafield></record>